2719 4166
717 313 766 366 2

729 511 1111 605 duosque,
1179 506 1397 597 cujus
1445 511 1732 602 optima
1778 505 2071 607 indoles
2132 512 2216 581 in
2266 511 2486 582 mili-

731 608 1027 686 taribus
1079 606 1311 682 rebus
1370 610 1525 679 iam
1566 610 1861 682 dudum
1926 611 2011 682 in
2076 611 2343 684 multis
2404 626 2490 686 et

730 714 1068 788 heroicis
1103 707 1395 782 actibus
1453 712 2061 806 resplenduerat,
2102 725 2175 786 et
2218 717 2351 812 qui
2398 717 2489 786 in

730 843 820 892 ea
863 825 1102 888 aetate
1161 807 1489 908 viguisse
1566 826 1723 886 tam
1771 815 2052 912 insigni
2104 817 2490 888 modestia

729 929 1040 994 notatus
1107 924 1258 998 est,
1311 924 1394 985 ut
1438 917 1592 988 iam
1647 927 2046 1010 appareret
2108 917 2333 1012 plura
2386 914 2486 989 il-

724 1025 898 1098 lum
927 1018 1482 1112 experimentis
1536 1040 1961 1090 reseruasse
1980 1067 1997 1100 ‚
2028 1042 2256 1115 quom
2281 1029 2503 1114 tem-1

729 1148 921 1222 pore
978 1128 1361 1192 transacto
1387 1121 1851 1214 praestitisse
1879 1161 1900 1197 ‚
1950 1117 2210 1193 favore
2248 1120 2485 1195 Prae-

723 1231 1067 1302 latorum
1111 1232 1183 1292 et
1230 1221 1721 1293 Baronorum
1764 1221 2158 1308 Polonide,
2217 1233 2293 1294 et
2336 1227 2486 1295 mi·
2539 1279 2563 1288 -
2676 1263 2678 1270 ·

607 1371 612 1378 ·
724 1329 959 1404 rande
1015 1324 1369 1397 omnium
1448 1321 2030 1406 vociferatione,
2102 1323 2481 1396 acclama-

722 1437 936 1507 tione
977 1438 1053 1501 et
1117 1447 1497 1498 consensu
1546 1427 1647 1496 in‘
1672 1423 1932 1495 locum
1984 1425 2224 1497 Patris
2266 1425 2481 1500 suffi-

719 1539 960 1618 citur,
1036 1541 1113 1604 et
1172 1531 1649 1625 principatus
1734 1527 1983 1622 Regni
2066 1525 2428 1618 Poloniae
2458 1598 2480 1636 ‚

715 1635 862 1710 sibi
909 1631 1449 1732 gubernandus
1500 1631 2040 1703 committitur.

927 1835 1113 1906 Erat
1152 1834 1364 1904 enim
1405 1833 1753 1924 corporis
1802 1833 2175 1926 elegantia
2223 1863 2467 1912 venu-

721 1939 1140 2025 stissimus‚
1215 1935 1915 2008 mentis‘industria
1968 1925 2471 2031 prudentissi-

719 2063 930 2121 mus,
986 2037 1225 2111 animi
1265 2036 1795 2131 magnitudine
1827 2034 2327 2131 :finnt-tissimus,
2376 2045 2477 2118 ed

719 2142 1288 2237 disponendum
1338 2138 1639 2231 negotiu
1685 2149 1841 2209 tam
1876 2142 2205 2233 privata,
2232 2170 2475 2243 quam

716 2244 1024 2343 publica
1065 2241 1690 2313 discretissimus:
1744 2263 1831 2311 eo
1889 2244 2271 2318 nimirum
2299 2249 2472 2343 pol-

711 2350 883 2423 lens
936 2343 1294 2443 profectu
1327 2392 1346 2426 ,
1420 2352 1806 2427 utsuam,
1863 2348 2278 2444 populique
2348 2352 2472 2421 sui

715 2453 1084 2551 gloriam,
1149 2444 1537 2543 continuis
1594 2443 2057 2518 diffunderet
2120 2460 2468 2543 augeret-

717 2578 896 2648 que,
960 2547 1413 2623 decoribus:
1494 2547 1575 2613 in
1628 2546 2044 2631 Ecclesia-s,
2104 2558 2176 2621 et
2230 2552 2469 2622 mini-

645 2722 650 2729 .
716 2664 920 2725 stros
973 2651 1120 2723 Dei
1171 2644 1622 2725 munificus,
1706 2650 1787 2718 in
1854 2648 2136 2721 milites
2176 2650 2484 2725 benefi⁴

719 2776 888 2839 cua,
971 2764 1046 2825 et
1128 2754 1213 2823 in
1288 2759 1623 2833 caeteros
1720 2751 2023 2821 ordines
2102 2740 2509 2827 liberulis(

721 2854 1014 2945 Quibus
1075 2853 1304 2925 rebus
1363 2859 1571 2919 tanta
1628 2849 1969 2945 singulos
2018 2852 2470 2929 devinxerat

718 2954 1130 3039 charitate,
1165 2964 1252 3027 ut
1303 2954 1505 3022 vitae
1556 2948 1799 3038 illius,
1858 2951 2066 3042 iuxta
2118 2980 2205 3031 ac
2262 2981 2467 3043 suae,

712 3058 1132 3153 timerent.-

931 3260 1245 3333 Guriam
1315 3254 1640 3353 denique
1685 3278 1949 3344 suam,
1996 3280 2153 3329 non
2216 3255 2471 3328 solum

711 3362 1054 3436 militum
1105 3372 1181 3435 et
1232 3360 1619 3430 Beronum
1657 3362 2296 3455 praecipuorum,
2334 3361 2471 3431 sed

707 3474 784 3539 et
831 3461 1333 3546 libertorum3
1388 3482 1577 3555 quos
1642 3486 1685 3532 a
1759 3472 2127 3547 servitute
2188 3457 2463 3533 dissol-
