2719 4166
586 235 683 336 74

580 498 625 531 „
682 471 830 546 que
852 445 1207 520 caedibus
1233 470 1356 520 me
1380 457 1768 544 assumpto
1799 451 2314 543 parentatum,

578 601 627 636 „
680 551 1199 645 contemplor:
1266 550 1569 645 jamque
1614 551 2010 622 hostilium
2041 561 2318 622 castro·
2389 620 2400 626 ,

581 702 626 736 ,,
680 675 895 733 rum,
950 665 1320 724 eteorum
1362 677 1693 748 quorum
1725 654 2059 724 cervices
2103 647 2322 721 vobis

581 804 627 840 ‚,
682 752 1265 852 subjugaveram‘
1332 753 1737 827 fremitum
1823 755 1906 825 iu
1983 774 2168 833 vos,
2243 763 2323 842 et

585 905 628 938 ‚‚
683 857 1021 952 patriam
1087 853 1286 926 hanc
1371 861 1876 954 grassantium
1964 853 2324 926 exaudire
2609 940 2616 964 Ι

584 1006 629 1043 ,,
684 955 880 1028 mihi
922 958 1235 1030 videorz
1290 959 1514 1031 video
1577 969 1654 1030 et
1705 958 2001 1054 prolem
2053 967 2322 1050 'prosa-

586 1108 631 1146 „
687 1057 1399 1156 piamque,Regiam
1461 1085 1712 1132 meam
1774 1059 1954 1132 hinc
2009 1055 2324 1129 exulan-

588 1209 635 1245 „
687 1170 847 1230 tem
898 1158 1241 1234 hostibus
1278 1214 1297 1250 ,
1371 1187 1554 1258 quos
1595 1165 2090 1237 doma-veram
2139 1180 2321 1250 sup-

503 1270 508 1277 '
588 1309 635 1344 „
690 1262 977 1355 plicam
1037 1261 1244 1350 fieri,
1326 1277 1404 1339 et
1455 1263 2000 1338 Monarchiani
2075 1259 2324 1352 Regni
2393 1336 2406 1345 ,

589 1410 637 1448 ,,
695 1363 1051 1438 Polouiae
1105 1366 1188 1438 in
1223 1372 1432 1442 varia
1489 1368 1957 1440 divisionum
1989 1371 2329 1436 monstra

516 1485 545 1520 ⁰
590 1514 635 1550 „
690 1467 968 1552 scindi,
1024 1477 1096 1540 et
1132 1468 1514 1546 horrenda
1554 1469 1938 1543 bellorum
1977 1465 2330 1541 civilium
2429 1502 2440 1546 ,-

588 1615 635 1652 n
690 1569 1117 1667 invasione,
1149 1577 1437 1647 collidi.
1463 1573 1630 1644 Sola
1655 1595 1954 1670 quoque
1981 1567 2170 1644 haec
2199 1565 2332 1638 do-

589 1715 636 1754 „
689 1668 876 1741 loris
916 1675 1293 1758 anxietas,
1324 1678 1619 1746 etiamsi
1651 1673 1965 1754 morbus
2009 1692 2168 1740 non
2197 1689 2330 1736 ιη’

591 1815 637 1851 n
690 1781 943 1864 geret,
1016 1775 1365 1854 animam,
1408 1784 1595 1845 esset
1665 1771 2100 1850 exclusura,
2181 1764 2331 1832 nisi

592 1915 637 1950 ,‚
694 1871 1189 1942 multitudine
1278 1875 1664 1946 malorum
1745 1867 2334 1942 imminentium

590 2015 638 2051 „
694 1983 863 2062 spes
940 1973 1217 2044 melior
1254 1968 1762 2068 temperaretz
1839 1969 2334 2042 miseratione

533 2118 541 2123 -
589 2116 634 2151 ‚,
691 2072 903 2141 enim·
930 2072 1231 2147 caelesti
1263 2077 1865 2173 propitiaturum
1889 2073 2110 2171 stirpi
2141 2092 2336 2144 meae

589 2218 637 2253 ‚,
691 2180 767 2243 et
804 2170 1025 2247 vobis
1073 2177 1302 2257 video
1350 2180 1642 2264 Deum,
1693 2179 2339 2275 proditurumque

540 2374 543 2380 A
591 2321 636 2356 ‚‚
692 2297 782 2346 ex
816 2254 1102 2348 lumbis
1154 2281 1345 2353 meis
1386 2283 1772 2375 suspicor,
1810 2282 1896 2353 iu
1933 2274 2337 2351 clarissimi

588 2418 634 2462 ,2
686 2379 976 2473 syderis
1018 2404 1357 2465 morem,
1411 2406 1659 2453 unum
1715 2384 1856 2479 -qui
1909 2402 2105 2474 pene
2163 2378 2333 2445 lau-

593 2526 640 2561 „
702 2482 1011 2576 guidam
1037 2494 1109 2552 et
1144 2506 1568 2579 exanguem
1585 2480 2168 2579 Rempublioam
2195 2476 2337 2544 Po-

586 2626 637 2664 „
685 2579 1064 2670 ionicam,
1124 2592 1198 2657 et
1259 2588 1632 2658 terminos
1685 2586 1848 2677 ejus
1893 2607 1935 2652 a
1988 2577 2340 2652 finitimis

592 2726 639 2761 η
694 2692 1107 2779 occupatos
1182 2688 1575 2775 restituet,
1666 2689 1795 2783 qui
1883 2678 2342 2755 instaurabit

594 2829 637 2866 n
692 2781 1050 2855 dissoluta
1080 2835 1099 2872 ,
1188 2790 1315 2883 qui
1395 2786 1830 2883 superbiam
1898 2780 2340 2856 humiliabit

592 2929 637 2967 υ
690 2880 1091 2971 hostilem,
1144 2892 1277 2985 qui
1318 2889 1550 2985 gladii
1610 2892 1772 2969 ,mei
1823 2882 2096 2978 capulo
2155 2889 2342 2955 cou-

593 3032 639 3068 „
690 2990 925 3055 teret'
986 2987 1487 3085 subiicietque
1542 3010 1842 3062 rursus
1911 3006 2070 3072 eaS,
2149 3008 2359 3083 quae,

595 3134 640 3170 ‚‚
686 3098 949 3156 contra
1002 3108 1140 3160 vos
1182 3090 1802 3167 recalcitraturae
1850 3099 2034 3165 sunt
2090 3092 2340 3161 natio-

596 3234 639 3274 „
695 3197 861 3271 ness,
915 3186 1179 3285 Regno
1222 3192 1574 3266 Poloniae
1603 3188 2019 3263 mirificum
2072 3189 2337 3285 jubar,

594 3336 639 3371 ‚2
696 3288 1255 3385 pristinumque
1340 3290 1724 3391 fulgorem
1811 3314 1950 3365 suo
2047 3298 2284 3367 ductu
2319 3334 2351 3369 ι.

579 3406 646 3474 ·,,,
692 3392 999 3489 suisque
1049 3391 1494 3477 virtutibus,
1563 3393 1963 3491 auspiciiS,
2037 3404 2111 3469 et
2171 3415 2346 3495 opo·-

595 3530 642 3587 2³
700 3490 914 3571 ribus
960 3489 1380 3593 infusurus.
1415 3542 1462 3581 „
1946 3515 1951 3521 ·
