2719 4166
684 284 826 373 132

819 502 986 579 Rex
1080 499 1567 575 illucescente
1641 500 1882 574 altera
1961 502 2092 575 die
2147 500 2432 583 abiisse

634 608 1019 692 hostem,
1073 614 1158 677 et
1234 621 1582 699 pugnam
1661 604 2119 679 detrectasse
2148 654 2167 688 ‚
2253 628 2436 677 cum

672 710 1035 785 sensisset
1124 704 1482 777 delusum
1561 727 1640 777 se
1674 755 1694 791 ,
1775 714 1886 782 et
1903 688 2271 799 praedam
2318 708 2443 777 in-

672 816 979 920 signem
1038 832 1133 881 ex
1181 800 1536 881 cassibus
1573 808 1732 881 suis
1813 800 2210 881 excussam
2273 828 2442 883 esse

671 909 947 989 dolens
977 960 996 996 ‚
1083 920 1158 979 et
1206 906 1601 981 fortunam
1683 928 1906 997 suam
1979 911 2389 1006 increpans
2416 958 2441 993 ,

592 1044 599 1051 ’
678 1014 1057 1115 fugientes
1101 1010 1485 1083 Bohemos
1540 1010 1891 1104 pluribus
1933 1010 2206 1085 diebus
2256 1034 2441 1107 pro-

678 1129 1042 1215 sequutus
1114 1125 1269 1196 est,
1312 1114 1725 1209 pluresque
1781 1138 1874 1184 ex
1923 1117 2056 1186 eis·
2091 1137 2442 1213 praeser-

670 1223 820 1293 tim
868 1218 1005 1317 qui
1034 1226 1163 1291 aut
1190 1216 1564 1311 languore
1597 1214 1852 1312 aliquo
1895 1220 2268 1309 correpti,
2311 1226 2446 1289 aut

674 1322 1115 1394 necessitate
1166 1316 1558 1401 distracti,
1606 1339 1876 1411 agmen
1927 1319 2387 1393 distulerant
2415 1366 2440 1404 ,

680 1418 1290 1519 comprehendit·
1397 1420 1490 1493 ln
1536 1414 1892 1490 hostilem
1899 1439 2228 1541 'qnoque
2284 1432 2440 1492 ter-

556 1523 563 1533 ’
674 1550 849 1600 ram
874 1523 1321 1595 ‘Mor-aviam
1371 1518 1778 1591 Bohemis·
1793 1522 1922 1617 qui
1973 1523 2444 1595 Jaromirum
2504 1540 2510 1545 ·
2579 1508 2584 1513 ’
2684 1502 2687 1595 ζ

676 1622 1296 1703 comitabantur,
1336 1622 1660 1695 ductum
1689 1620 2236 1715 praebentibus
2263 1644 2442 1718 per-

682 1732 1040 1808 venienS,
1091 1748 1454 1822 magnam
1483 1721 1647 1815 ejus
1697 1724 2000 1817 partem
2028 1727 2206 1823 igne
2251 1748 2434 1797 con·-

680 1828 1087 1927 flagravit‚
1156 1838 1233 1899 et
1300 1828 1784 1921 captivorum
1863 1850 2231 1924 magnum
2294 1848 2435 1895 nu·-

622 1960 631 1967 ·
679 1956 993 2003 merum
1028 1978 1047 2012 ,
1078 1931 1514 2026 spoliaque·
1541 1926 1934 2023 plurima
1910 1952 1996 2001 m
2037 1926 2445 2002 Poloniam

676 2034 1049 2104 reduxit..

782 2237 877 2310 A.
907 2235 1001 2304 D
1058 2231 1265 2308 1063
1335 2235 1929 2324 Exulceratum,
1966 2247 2059 2310 et
2087 2238 2284 2332 justa
2327 2241 2445 2314 ira

683 2342 1173 2439 gravidatum
1212 2338 1608 2410 Boleslaus
1660 2338 2016 2412 Poloniae
2059 2339 2220 2414 Rex
2275 2344 2445 2433 ani·

686 2467 909 2516 mum
960 2453 1229 2514 contra
1281 2439 1791 2514 wratislaum
1824 2438 2244 2516 Bohemiaa
2271 2445 2444 2515 Du-

648 2563 893 2630 -cem,
952 2541 1055 2616 ob
1103 2542 1474 2636 injuriam
1544 2543 1925 2636 superiori
1971 2565 2176 2616 anno
2227 2567 2444 2618 acce-

682 2655 901 2741 'ptam
948 2655 1249 2741 gestans
1276 2693 1295 2729 ,
1334 2642 1774 2740 frequentes
1799 2646 2052 2738 copias
2114 2655 2440 2741 parares,
2525 2725 2534 2734 ἡ

684 2757 761 2818 et
805 2751 887 2820 in
949 2745 1391 2819 Bohemiam
1447 2746 2016 2838 expeditionem
2062 2747 2442 2826 militibus
2573 2843 2578 2847 ι
2680 2741 2683 2748 ’

681 2849 1037 2922 incedere
1094 2853 1329 2944 cepit,
1396 2843 1720 2946 quereus
1775 2871 1854 2920 se
1921 2851 2258 2946 graviter
2315 2851 2432 2924 of-

658 2947 1030 3035 fensum,
1080 2953 1282 3048 quod
1316 2973 1462 3053 pro
1509 2947 1984 3030 humanitate
2034 2952 2240 3024 Duci
2263 2973 2440 3046 pro·

618 3065 639 3080 ·
682 3049 867 3150 fugo
902 3100 923 3134 ‚
960 3061 1034 3124 et
1084 3078 1278 3150 pene
1330 3052 1636 3126 exiliato
1695 3053 2068 3125 Jaromiro
2105 3056 2423 3147 praesti-

678 3163 757 3225 ta
788 3202 807 3238 ,
838 3151 1332 3226 hostilitatem
1373 3168 1449 3227 et
1499 3153 1741 3249 Regni
1781 3155 1897 3226 sui
1928 3157 2427 3226 vastationem

682 3280 725 3328 a
814 3278 1180 3366 germano
1270 3258 1491 3338 eiecti
1559 3258 1808 3334 Ducis
1873 3255 2308 3349 pertulerit,
2380 3275 2426 3326 a

646 3383 829 3454 quo
880 3381 958 3432 se
1010 3361 1332 3471 gratiam
1369 3357 1712 3458 sperabat
1767 3357 2212 3484 relaturumz
2309 3423 2314 3430 .
