2719 4166
613 281 708 337 10

604 496 799 544 num
843 471 1348 567 magnificum
1404 473 2087 572 triumphatorem.
2198 476 2351 548 Ne-

601 601 749 674 que
809 577 1020 649 enim
1095 577 1572 668 amplissima
1656 579 1860 652 dona
1953 587 2083 650 tua
2156 575 2367 649 mihi-

601 693 679 752 et
751 678 944 750 meis
1013 676 1336 764 tributa,
1420 705 1612 754 auro
1691 691 1773 752 et
1846 690 2203 778 argento,
2268 680 2355 750 in

599 806 751 878 quo
811 792 888 852 te
937 781 1162 854 video
1227 783 1403 855 setis
1454 784 1911 878 opulentum
1974 805 2167 868 esse,
2220 780 2356 852 sed

482 969 488 976 ,
596 883 806 984 quod
857 895 1119 954 omnes
1150 905 1363 979 gazas
1414 895 1759 968 terrenas
1804 882 2353 984 superenncla·
2462 905 2467 908 ·

593 1009 696 1058 vo
739 985 1060 1058 Domini
1105 987 1463 1080 rependo.
1572 989 1965 1060 Lanceem
2028 987 2349 1081 insuper

595 1091 666 1161 S.
699 1089 1052 1160 Mauritii
1108 1086 1523 1162 Thebanae
1584 1089 1917 1186 legionis
1966 1087 2349 1181 Principis

596 1188 828 1274 addo,
875 1206 1023 1290 que
1079 1192 1162 1260 in
1205 1189 1410 1263 bello
1462 1202 1738 1264 contra
1803 1186 2158 1266 barbaras
2212 1211 2347 1258 ne-

591 1295 838 1364 tiones
895 1303 1029 1364 tuo
1081 1290 1348 1390 Regno
1415 1295 1738 1378 vicinam
1804 1287 2343 1376 tantummodo

589 1397 704 1466 uti
760 1404 834 1467 te
891 1392 1102 1478 volo,
1151 1396 1493 1490 propitio
1545 1394 1712 1467 Deo
1742 1445 1763 1479 ,
1802 1404 1879 1468 et
1928 1393 1999 1466 S.
2036 1389 2341 1464 Mauri-

588 1497 697 1569 tio
751 1498 1280 1590 patrocinante
1301 1547 1320 1584 ,
1370 1496 1862 1572 barbaricam
1921 1495 2344 1591 potentiam

587 1601 1142 1672 contriturum.
1181 1641 1229 1686 ,‚
1664 1590 1687 1600 ’
2328 1623 2338 1632 ’

792 1803 1194 1877 Boleslaus
1239 1815 1497 1877 autem
1522 1804 1999 1877 polonorum
2036 1801 2201 1874 Rex
2243 1799 2335 1872 de

584 1899 957 1978 affinitate
1019 1917 1181 1977 tam
1251 1907 1647 2001 splendide
1718 1929 1806 1979 ac
1860 1905 2184 1988 illustri,
2262 1909 2339 1973 et

584 2010 678 2080 de
711 2006 1159 2080 'muneribus
1193 2007 1773 2093 excellentibuS,
1809 2019 1905 2087 ,et
1944 2008 2139 2077 raris
2166 2027 2337 2105 gra-

581 2114 868 2181 tiarum
917 2109 1377 2207 condignam
1446 2114 1831 2186 actionem
1882 2100 2331 2190 effundens,

543 2208 884 2287 'Caesari
951 2213 1169 2285 Beati
1223 2213 1621 2287 Adalberti
1684 2211 2095 2291 brachium
2150 2233 2335 2286 con-

579 2321 856 2393 donet,
915 2336 1093 2387 cum
1161 2339 1436 2413 magna
1484 2316 1995 2413 gratitudine,
2072 2324 2153 2386 et
2212 2312 2339 2385 de-

579 2421 885 2493 votione
947 2442 986 2488 a
1047 2414 1316 2491 Cesare
1376 2428 1819 2513 susceptum
1845 2443 1883 2503 3.
1952 2417 2340 2513 simulque

578 2522 732 2593 tale
778 2522 1079 2595 Caesari
1122 2522 1280 2593 edit
1325 2542 1803 2617 responsum.
1912 2518 2164 2603 „Cum
2220 2520 2339 2588 in·
2468 2518 2475 2525 ’

579 2626 796 2719 quit,
835 2624 1104 2709 dietim
1161 2626 1518 2717 experior
1562 2642 1967 2719 personam
2023 2642 2333 2701 meam„

583 2726 862 2797 deinde
941 2726 1240 2815 prolem
1311 2747 1565 2797 meam
1617 2722 1763 2798 tibi
1822 2746 2055 2794 curae
2122 2744 2330 2804 esse,
2440 2748 2447 2777 ι

577 2824 1288 2923 conglorificatione
1339 2839 1580 2917 ‘meast
1676 2835 1751 2897 et
1827 2822 2109 2920 populi.
2182 2823 2337 2897 mei

579 2952 741 2999 non
793 2936 1231 3015 contentuS,
1313 2926 1543 3005 etiam
1591 2926 1846 3001 filium
1906 2950 2171 2999 meum
2248 2926 2332 2997 in

580 3052 950 3127 generum
1009 3030 1413 3124 adoptasti,
1477 3030 1717 3103 Glavo
1800 3033 2117 3124 insuper
2168 3028 2325 3101 Do-

579 3133 913 3214 ·minico‚
979 3144 1056 3205 et
1115 3132 1211 3206 Β.
1259 3136 1616 3208 Mauritii
1680 3134 1948 3205 lancee
1994 3130 2329 3226 Regium

581 3234 858 3309 solium
903 3256 1201 3320 meum,
1245 3238 1328 3307 in
1386 3261 1533 3334 quo
1574 3260 1615 3307 a
1654 3245 1730 3317 te
1764 3244 2073 3307 evectus
2118 3251 2325 3311 sum,

583 3334 1218 3433 Triumphalibus
1265 3339 1649 3439 insigniis,
1698 3338 1910 3409 velut
1968 3329 2327 3409 firmissi-

583 3461 712 3513 mo
759 3438 1075 3526 robore,
1117 3442 1479 3526 sanxisti,
1526 3440 1771 3521 enitar
1826 3462 1971 3539 pro
2008 3432 2331 3514 viribus,
2422 3452 2433 3455 ·
2563 3467 2574 3480 ·
