2719 4166
594 239 793 348 ,δι

696 456 903 556 Rege
982 480 1125 538 nec
1204 457 1646 558 quidquam
1679 460 1967 553 petito',
2023 475 2384 560 persuaso
2413 518 2434 552 ,
2513 438 2520 447 ¹

702 565 835 636 aut
881 559 1283 646 consultu,
1312 564 1398 632 in
1427 570 1719 634 secreto
1783 557 2211 684 abditoque
2231 564 2442 654 loco,
2556 640 2562 648 .

700 666 991 762 paucis
1035 665 1362 757 consciis
1391 711 1412 746 ,
1484 668 1863 740 asservari
1933 667 2111 742 illo's
2189 663 2476 762 iubet,

546 761 551 768 ’
622 783 631 792 ’
700 781 1089 864 oportuno
1162 779 1553 861 tempore,
1607 767 1845 844 vitam
1921 769 2076 845 illis
2146 778 2450 856 restitu-
2523 849 2530 854 ,

694 880 1071 1047 tumbam
1124 979 1394 1046 autem
1450 969 1658 1064 juxta
1714 949 2016 1046 rnorem
2071 973 2450 1051 Boleslaus

697 1076 861 1152 Rex
906 1099 1089 1149 cum
1130 1071 1608 1146 consiliariis
1659 1093 1892 1170 super
1941 1075 2449 1172 Reipublicae

696 1178 1067 1277 negotiis,
1080 1174 1396 1272 Regina
1443 1171 1644 1246 forte
1673 1187 2108 1270 praesente,
2151 1201 2454 1260 sermo-

472 1325 519 1338 ..
578 1328 581 1334 .
695 1302 881 1355 nem
934 1277 1219 1352 diutius
1283 1279 1826 1384 protraxisset,
1905 1280 2449 1354 damnatorum

484 1394 488 1402 “
588 1485 592 1494 Ι
634 1387 640 1394 ’
699 1383 1181 1480 praedonum
1223 1376 1316 1454 ab
1349 1403 1440 1451 eo
1489 1375 1887 1453 Nobilium
1925 1379 2270 1455 filiorum
2297 1434 2319 1472 ,
2374 1395 2452 1457 et

698 1505 889 1585 quos
930 1483 1285 1560 credebat
1334 1484 1632 1554 dudum
1703 1487 2111 1570 extinctOS,
2158 1488 2452 1560 mentio

644 1589 647 1594 ’
696 1589 1019 1673 incidit,
1056 1586 1580 1682 subcunteque
1617 1587 2072 1683 paenitentia
2098 1591 2455 1663 animum

580 1733 587 1738 ·
696 1689 971 1796 Regia,
1032 1691 1239 1784 cepit
1296 1689 1462 1760 Rex
1523 1688 1831 1765 crebra.
1857 1692 2452 1787 ingeminatione

690 1784 1116 1864 verborum
1145 1813 1290 1886 pro
1315 1791 1754 1864 desideratis
1781 1789 2048 1900 affligi,
2081 1816 2448 1880 asserens,

697 1883 1018 1982 „dolori
1084 1917 1243 1964 non
1268 1900 1531 2015 ‘parvo
1573 1889 1716 1966 sibi
1759 1917 1952 1984 esse,
2022 1899 2223 1993 quod
2293 1907 2456 1968 tam

667 1997 894 2093 sinsig
896 2000 1074 2070 nes,
1130 2002 1205 2066 et
1266 1996 1667 2093 ingenuos
1697 1993 2275 2083 adolescentes,
2357 1999 2454 2072 ad
2510 2031 2514 2036 ·
2569 2016 2587 2038 f

697 2096 1051 2191 obeunda
1104 2094 1307 2169 belli
1341 2110 1668 2172 munera
1723 2110 1970 2196 aptoS‚
2054 2105 2284 2200 etqui
2322 2126 2456 2199 pa-

694 2203 887 2275 triae
956 2191 1416 2272 ornamento
1487 2202 1916 2303 potuissent
1974 2227 2176 2288 esse,
2246 2208 2462 2303 capi-

678 2304 835 2380 tali
895 2276 1273 2375 sententia
1326 2293 1799 2393 damnasset,
1842 2320 1917 2379 et
1961 2305 2260 2379 facinus
2322 2333 2458 2404 pa·
2507 2308 2512 2315 ’
2551 2354 2556 2360 -

600 2428 605 2435 ·
694 2384 999 2487 tratum
1066 2405 1625 2481 adolescentiae
1699 2406 2252 2505 fragilitatique
2327 2431 2457 2482 eo-
2532 2442 2539 2446 ·
2633 2394 2689 2471 ’.

584 2561 591 2569 -
696 2535 879 2585 :rum
955 2533 1115 2582 non
1186 2506 1630 2595 tribuisset,
1727 2513 2188 2608 praesertim
2273 2527 2457 2581 cum

608 2683 612 2689 .
702 2635 981 2685 corum
1048 2611 1438 2697 damnatio
1519 2616 1836 2685 caeteris
1915 2608 2458 2707 superstitibus

600 2763 606 2771 -
694 2712 790 2785 de
842 2737 1114 2787 eorum
1169 2714 1400 2785 domo
1463 2721 1542 2785 et
1606 2712 1894 2786 familia
1956 2714 2302 2786 cessisset
2371 2710 2456 2781 in
2571 2726 2578 2731 ⁴
2685 2722 2687 2731 ²

694 2814 1231 2910 ignominiam,
1260 2827 1333 2887 et
1375 2814 1944 2911 sugillationem
1975 2842 1997 2885 ε
2024 2818 2115 2888 de
2161 2823 2460 2911 postte<-

606 2944 615 2959 ’
688 2938 827 2987 mo
880 2914 1441 2989 subintullisset
1473 2928 1591 3002 se',
1663 2940 1820 2989 non
1875 2916 2129 2990 solum
2172 2916 2455 2988 damna

670 3018 933 3115 ,passis
974 3017 1269 3113 singula
1315 3022 1908 3103 resarciturum,
1967 3022 2102 3100 sed
2161 3030 2242 3091 ct
2275 3013 2457 3089 lar·-

692 3143 895 3219 gam
920 3118 1412 3218 amplamque
1451 3120 1954 3207 donationem
2007 3144 2088 3195 se
2133 3122 2455 3218 praesti·

695 3233 1010 3301 turum,
1094 3223 1158 3295 si
1238 3220 1556 3315 juvenes
1605 3220 2076 3313 ‚hujusmodi
2150 3222 2459 3301 mulcta

686 3325 1007 3419 capitali
1068 3335 1142 3398 et
1202 3321 1497 3398 infelici
1568 3346 1844 3408 cruore
1901 3346 2059 3399 non
2107 3320 2493 3444 damnas-'2
2673 3348 2679 3353 ·

690 3438 801 3501 set
828 3478 875 3516 „
